<record><leader>00000cas a22000007a 4500</leader><controlfield tag="001">30733342</controlfield><controlfield tag="008">940709d18681uuuinuuu ne      0    0eng d</controlfield><datafield ind1=" " ind2=" " tag="010"><subfield code="a">sn 94055005 </subfield></datafield><datafield ind1=" " ind2=" " tag="040"><subfield code="a">NPI</subfield><subfield code="b">eng</subfield><subfield code="c">NPI</subfield><subfield code="d">OCLCQ</subfield></datafield><datafield ind1=" " ind2=" " tag="042"><subfield code="a">msc</subfield></datafield><datafield ind1="0" ind2=" " tag="130"><subfield code="a">Galveston news (Galveston, Ind.)</subfield></datafield><datafield ind1="1" ind2="0" tag="245"><subfield code="a">Galveston news.</subfield></datafield><datafield ind1=" " ind2=" " tag="260"><subfield code="a">Galveston, Ind. :</subfield><subfield code="b">D.H. Turner,</subfield><subfield code="c">1868-</subfield></datafield><datafield ind1=" " ind2=" " tag="300"><subfield code="a">v.</subfield></datafield><datafield ind1="0" ind2=" " tag="362"><subfield code="a">Vol. 1, no. 1 (Apr. 15, 1868)-</subfield></datafield><datafield ind1=" " ind2=" " tag="752"><subfield code="a">United States</subfield><subfield code="b">Indiana</subfield><subfield code="c">Cass</subfield><subfield code="d">Galveston.</subfield></datafield></record>